@inproceedings{GRAVER:1975,
    author        = {Jack E. Graver},
    title         = {On the foundations of linear and integer linear programming I},
    year          = {1975},
    location      = {Syracuse University, New York, U.S.A.},
} 

@inproceedings{STURMFELS:2003,
    author        = {Bernd Sturmfels},
    title         = {Algebraic Recipes for Integer Programming},
    year          = {2003},
    location      = {Mathematical sciences research institute, Berkeley, U.S.A},
} 

@inproceedings{HEMMECKE:2013,
    author        = {Elisabeth Finhold and Raymond Hemmecke},
    title         = {Lower bounds on the Graver complexity of M-fold matrices},
    year          = {2013},
    location      = {Technische Universität München, Germany},
} 

@inproceedings{EISENBRAND:2018,
    author        = {Friedrich Eisenbrand and Christoph Hunkenschröder and Kim-Manuel Klein},
    title         = {Faster Algorithms for Integer Programs with Block Structure},
    year          = {2018},
    location      = {École polytechnique fédérale de Lausanne, Switzerland},
} 

@inproceedings{EISENBRAND:2020,
    author        = {Jana Cslovjecsek and Friedrich Eisenbrand and Robert Weismantel},
    title         = {N-fold integer programming via LP rounding},
    year          = {2020},
    location      = {École polytechnique fédérale de Lausanne, Switzerland},
} 

@inproceedings{HEMMECKE:2011,
    author        = {Raymond Hemmecke and Shmuel Onn and Lyubov Romanchuk},
    title         = {N-fold integer programming in cubic time},
    year          = {2011},
    location      = {Mathematical sciences research institute, Berkeley, U.S.A},
} 

@inproceedings{EISENBRAND:2019,
    author        = {Friedrich Eisenbrand and Robert Weismantel},
    title         = {Proximity results and faster algorithms for Integer Programming using the Steinitz Lemma},
    year          = {2019},
    location      = {EPFL, Lausanne, Switzerland. ETH, Zurich, Switzerland},
} 

@inproceedings{LHOW:2006,
    author        = {Jesús A. De Loera and Raymond Hemmecke and Shmuel Onn and Robert Weismantel},
    title         = {N-Fold integer programming},
    year          = {2006},
    location      = {ScienceDirect},
} 

@inproceedings{HEMMECKE:2006,
    author        = {Raymond Hemmecke},
    title         = {Exploiting Symmetries in the Computation of Graver Bases},
    year          = {2004},
    location      = {University Magdeburg},
} 

@inproceedings{HOW:2009,
    author        = {Raymond Hemmecke and Shmuel Onn and Robert Weismantel},
    title         = {A polynomial oracle-time algorithm for convex integer
minimization},
    year          = {2009},
    location      = {University Magdeburg, Germany. Israel Institute of Technology, Israel},
} 

@inproceedings{ONN:2007,
    author        = {Shmuel Onn},
    title         = {Convex discrete optimization},
    year          = {2007},
    location      = {Israel Institute of Technology, Haifa, Israel},
} 

@inproceedings{ONN:2010,
    author        = {Shmuel Onn},
    title         = {Nonlinear discrete optimization},
    year          = {2010},
    location      = {Israel Institute of Technology, Haifa, Israel},
} 

@inproceedings{LO:2006,
    author        = {Jesús A. De Loera and Shmuel Onn},
    title         = {All linear and integer programs are slim 3-way transportation programs},
    year          = {2006},
} 

@inproceedings{STEINITZ:1913,
    author        = {Ernst Steinitz},
    title         = {Bedingt konvergente reihen und konvexe systeme},
    year          = {1913},
} 





