@inproceedings{GRAVER:1975,
    author        = {Jack E. Graver},
    title         = {On the foundations of linear and integer linear programming I},
    year          = {1975},
    location      = {Syracuse University, New York, U.S.A.},
} 

%@inproceedings{STURMFELS:2003,
%    author        = {Bernd Sturmfels},
%    title         = {Algebraic Recipes for Integer Programming},
%    year          = {2003},
%    location      = {Mathematical sciences research institute, Berkeley, U.S.A},
%    % TODO: URL?
%    %url           = {https://arxiv.org/abs/math/0310194v1}
%} 

%@inproceedings{HEMMECKE:2013,
%    author        = {Elisabeth Finhold, Raymond Hemmecke},
%    title         = {Lower bounds on the Graver complexity of M-fold matrices},
%    year          = {2013},
%    location      = {Technische Universität München, Germany},
%    %url           = {https://arxiv.org/abs/1311.3853v1}
%} 

@inproceedings{EISENBRAND:2018,
    author        = {Friedrich Eisenbrand, Christoph Hunkenschröder, Kim-Manuel Klein},
    title         = {Faster Algorithms for Integer Programs with Block Structure},
    year          = {2018},
    location      = {École polytechnique fédérale de Lausanne, Switzerland},
    % TODO: URL?
    %url           = {https://arxiv.org/abs/1802.06289v1}
} 

@inproceedings{EISENBRAND:2020,
    author        = {Jana Cslovjecsek, Friedrich Eisenbrand, Robert Weismantel},
    title         = {N-fold integer programming via LP rounding},
    year          = {2020},
    location      = {École polytechnique fédérale de Lausanne, Switzerland},
    % TODO: URL?
    %url           = {https://arxiv.org/abs/1802.06289v1}
} 


%@inproceedings{JIANG:2014,
%    author = {Lu Jiang and Yajie Miao and Yi Yang and Zhenzhong Lan and Alexander G. Hauptmann},
%    title = {Viral Video Style: A Closer Look at Viral Videos on YouTube},
%    booktitle = {Proceedings of International Conference on Multimedia Retrieval},
%    series = {ICMR '14},
%    year = {2014},
%    isbn = {978-1-4503-2782-4},
%    location = {Glasgow, United Kingdom},
%    pages = {193:193--193:200},
%    articleno = {193},
%    numpages = {8},
%    url = {http://doi.acm.org/10.1145/2578726.2578754},
%    doi = {10.1145/2578726.2578754},
%    acmid = {2578754},
%    publisher = {ACM},
%    address = {New York, NY, USA},
%    keywords = {CMU Viral Video Dataset, Gangnam Style, Popular Video, Social Media, View Count Prediction, YouTube},
%}